@book{tola2021real,
  title={Real-Time UAV Pose Estimation and Tracking Using FPGA Accelerated April Tag},
  author={Tola, Ethan},
  year={2021},
  publisher={Rochester Institute of Technology}
}

@inproceedings{mair2009efficient,
  title={Efficient camera-based pose estimation for real-time applications},
  author={Mair, Elmar and Strobl, Klaus H and Suppa, Michael and Burschka, Darius},
  booktitle={2009 IEEE/RSJ International Conference on Intelligent Robots and Systems},
  pages={2696--2703},
  year={2009},
  organization={IEEE}
}

@inproceedings{kallwies2020determining,
  title={Determining and improving the localization accuracy of AprilTag detection},
  author={Kallwies, Jan and Forkel, Bianca and Wuensche, Hans-Joachim},
  booktitle={2020 IEEE International Conference on Robotics and Automation (ICRA)},
  pages={8288--8294},
  year={2020},
  organization={IEEE}
}

@article{lee2003localization,
  title={Localization of a mobile robot using the image of a moving object},
  author={Lee, Jang Myung and Son, K and Lee, MC and Choi, Jae Weon and Han, Seung-Hyun and Lee, Man Hyung},
  journal={IEEE Transactions on Industrial Electronics},
  volume={50},
  number={3},
  pages={612--619},
  year={2003},
  publisher={IEEE}
}

@inproceedings{nister2004visual,
  title={Visual odometry},
  author={Nist{\'e}r, David and Naroditsky, Oleg and Bergen, James},
  booktitle={Proceedings of the 2004 IEEE Computer Society Conference on Computer Vision and Pattern Recognition, 2004. CVPR 2004.},
  volume={1},
  pages={I--I},
  year={2004},
  organization={Ieee}
}

@article{scaramuzza2011visual,
  title={Visual odometry [tutorial]},
  author={Scaramuzza, Davide and Fraundorfer, Friedrich},
  journal={IEEE robotics \& automation magazine},
  volume={18},
  number={4},
  pages={80--92},
  year={2011},
  publisher={IEEE}
}

@article{christian2021image,
  title={Image-based lunar terrain relative navigation without a map: Measurements},
  author={Christian, John A and Hong, Lillian and McKee, Paul and Christensen, Randall and Crain, Timothy P},
  journal={Journal of Spacecraft and Rockets},
  volume={58},
  number={1},
  pages={164--181},
  year={2021},
  publisher={American Institute of Aeronautics and Astronautics}
}

@inproceedings{maggio2023vision,
  title={Vision-based terrain relative navigation on high altitude balloon and sub-orbital rocket},
  author={Maggio, Dominic R and Mario, Courtney and Streetman, Brett and Steiner, Ted and Carlone, Luca},
  booktitle={AIAA SCITECH 2023 Forum},
  pages={0875},
  year={2023}
}

@inproceedings{johnson2022mars,
  title={Mars 2020 lander vision system flight performance},
  author={Johnson, Andrew E and Aaron, Seth B and Ansari, Homayoon and Bergh, Charles and Bourdu, Helene and Butler, Jim and Chang, Johnny and Cheng, Richard and Cheng, Yang and Clark, Kenneth and others},
  booktitle={AIAA SciTech 2022 Forum},
  pages={1214},
  year={2022}
}

@article{markley2003mekf,
author = {Markley, F. Landis},
title = {Attitude Error Representations for Kalman Filtering},
journal = {Journal of Guidance, Control, and Dynamics},
volume = {26},
number = {2},
pages = {311-317},
year = {2003},
doi = {10.2514/2.5048},
URL = { 
        https://doi.org/10.2514/2.5048
},
eprint = { 
        https://doi.org/10.2514/2.5048
}
}


@misc{malyuta2021convex,
      title={Convex Optimization for Trajectory Generation}, 
      author={Danylo Malyuta and Taylor P. Reynolds and Michael Szmuk and Thomas Lew and Riccardo Bonalli and Marco Pavone and Behcet Acikmese},
      year={2021},
      eprint={2106.09125},
      archivePrefix={arXiv},
      primaryClass={math.OC}
}

@article{shotwell2021space,
  title={Space launch in 50 years: Abundance at last?},
  author={Shotwell, Gwynne E and Blackmore, Lars},
  journal={National Academy of Engineering},
  year={2021}
}

@inproceedings{blackmore2016autonomous,
  title={Autonomous precision landing of space rockets},
  author={Blackmore, Lars},
  booktitle={Frontiers of Engineering: Reports on Leading-Edge Engineering from the 2016 Symposium},
  volume={46},
  pages={15--20},
  year={2016},
  organization={The Bridge Washington, DC}
}

@inproceedings{olson2011apriltag,
  title={AprilTag: A robust and flexible visual fiducial system},
  author={Olson, Edwin},
  booktitle={2011 IEEE international conference on robotics and automation},
  pages={3400--3407},
  year={2011},
  organization={IEEE}
}